%Capitalization is very important in references. Be sure to do a double {{ and }} to keep the capitalization of your text in tact.
%Also pay attention to the sorting on last name in the case of complex Dutch names. F.i.: "Aalst, W.M.P. van der and ..." makes it sort under A
@article{amplituamplitude_reconde_recon,
author = {Adzic, P and Alemany-Fernandez, R and Almeida, Carlos and Almeida, N and Anagnostou, Georgios and Anfreville, M.G. and Anicin, Ivan and Antunovic, Zeljko and Auffray, Etiennette and Baccaro, S and Baffioni, S and Barney, D and Barone, L.M. and Barrillon, Pierre and Bartoloni, Alessandro and Beauceron, S and Beaudette, F and Bell, K.W. and Benetta, R and CMS Electromagnetic Calorimeter Group, The},
year = {2006},
month = {07},
pages = {23-35},
title = {Reconstruction of the signal amplitude of the CMS electromagnetic calorimeter},
volume = {46},
booktitle = {European Physical Journal C}
}
